@misc{can_ends,
	title        = {Easy Open Ends - SOT : 202 (52mm) - 2Pc Can},
	journal      = {Can Ends},
	url          = {http://www.canends.com/BE202sot.php}
}
@misc{helvetia_packaging,
	title        = {Products},
	author       = {Helvetia Packaging},
	journal      = {Helvetia Packaging},
	publisher    = {Helvetia Packaging},
	url          = {https://www.helvepa.com/en/products}
}
@misc{isaac_physics,
	title        = {Centre of Mass},
	journal      = {Isaac Physics},
	url          = {https://isaacphysics.org/concepts/cp_centre_mass?stage=all}
}
@misc{moore_2021,
	title        = {17.3: Centroids in volumes and center of mass via integration},
	author       = {Moore, Jacob},
	year         = 2021,
	month        = Aug,
	journal      = {Engineering LibreTexts},
	publisher    = {Libretexts},
	url          = {https://eng.libretexts.org/Bookshelves/Mechanical_Engineering/Mechanics_Map_(Moore_et_al.)/17%3A_Appendix_2_-_Moment_Integrals/17.3%3A_Centroids_in_Volumes_and_Center_of_Mass_via_Integration}
}
@misc{mulkins_2019,
	title        = {Action line: Saving soda can tabs for charity a bogus deal},
	author       = {Mulkins, Phil},
	year         = 2019,
	month        = Feb,
	journal      = {Tulsa World},
	url          = {https://tulsaworld.com/archive/action-line-saving-soda-can-tabs-for-charity-a-bogus-deal/article_2ad49ecf-f06e-5812-b863-b74b75078e85.html}
}
@misc{talat_cans,
	title        = {Aluminum beverage cans},
	author       = {TALAT},
	year         = 2022,
	month        = Nov,
	journal      = {aluminum guide},
	publisher    = {TALAT},
	url          = {https://aluminium-guide.com/en/alyuminievaya-pivnaya-banka-konstrukciya-i-materialy/}
}
@misc{talat_density,
	title        = {Density of aluminium},
	author       = {TALAT},
	year         = 2022,
	month        = Nov,
	journal      = {aluminium guide},
	publisher    = {TALAT},
	url          = {https://aluminium-guide.com/en/plotnost-alyuminiya-i-alyuminievyx-splavov/}
}
@misc{water_density,
	title        = {Water Density},
	year         = 2018,
	month        = Jun,
	journal      = {Water Density | U.S. Geological Survey},
	publisher    = {USGS},
	url          = {https://www.usgs.gov/special-topics/water-science-school/science/water-density}
}
